%% This BibTeX bibliography file was created using BibDesk.
%% http://bibdesk.sourceforge.net/


%% Created for Daniel Beatty at 2012-04-30 09:07:28 -0700 


%% Saved with string encoding Unicode (UTF-8) 



@inproceedings{Dellaert99usingthe,
	Author = {Frank Dellaert and Wolfram Burgard and Dieter Fox and Sebastian Thrun},
	Date-Added = {2012-04-30 16:06:56 +0000},
	Date-Modified = {2012-04-30 16:06:56 +0000},
	Publisher = {IEEE Press},
	Title = {Using the CONDENSATION Algorithm for Robust, Vision-based Mobile Robot Localization},
	Year = {1999},
	Bdsk-File-1 = {YnBsaXN0MDDUAQIDBAUIJidUJHRvcFgkb2JqZWN0c1gkdmVyc2lvblkkYXJjaGl2ZXLRBgdUcm9vdIABqAkKFRYXGyIjVSRudWxs0wsMDQ4RFFpOUy5vYmplY3RzV05TLmtleXNWJGNsYXNzog8QgASABqISE4ACgAOAB1lhbGlhc0RhdGFccmVsYXRpdmVQYXRo0hgNGRpXTlMuZGF0YU8RAZwAAAAAAZwAAgAADE1hY2ludG9zaCBIRAAAAAAAAAAAAAAAAAAAAMrri9BIKwAAAAYunxIxMC4xLjEuMTQuODAyNS5wZGYAAAAAAAAAAAAAAAAAAAAAAAAAAAAAAAAAAAAAAAAAAAAAAAAAAAAAAAAAAAAAKDrny8QGSgAAAAAAAAAAAAQAAgAACSAAAAAAAAAAAAAAAAAAAAAJRG93bmxvYWRzAAAQAAgAAMrr/FAAAAARAAgAAMvEaLoAAAABAAwABi6fAAUfuQAAwEMAAgA/TWFjaW50b3NoIEhEOlVzZXJzOgBkYW5pZWxiZWF0dHk6AERvd25sb2FkczoAMTAuMS4xLjE0LjgwMjUucGRmAAAOACYAEgAxADAALgAxAC4AMQAuADEANAAuADgAMAAyADUALgBwAGQAZgAPABoADABNAGEAYwBpAG4AdABvAHMAaAAgAEgARAASAC9Vc2Vycy9kYW5pZWxiZWF0dHkvRG93bmxvYWRzLzEwLjEuMS4xNC44MDI1LnBkZgAAEwABLwAAFQACABP//wAAgAXSHB0eH1gkY2xhc3Nlc1okY2xhc3NuYW1lox8gIV1OU011dGFibGVEYXRhVk5TRGF0YVhOU09iamVjdF8QKC4uLy4uLy4uLy4uL0Rvd25sb2Fkcy8xMC4xLjEuMTQuODAyNS5wZGbSHB0kJaIlIVxOU0RpY3Rpb25hcnkSAAGGoF8QD05TS2V5ZWRBcmNoaXZlcgAIABEAFgAfACgAMgA1ADoAPABFAEsAUgBdAGUAbABvAHEAcwB2AHgAegB8AIYAkwCYAKACQAJCAkcCUAJbAl8CbQJ0An0CqAKtArACvQLCAAAAAAAAAgEAAAAAAAAAKAAAAAAAAAAAAAAAAAAAAtQ=}}

@misc{_applyingem,
	Date-Added = {2012-04-30 15:59:12 +0000},
	Date-Modified = {2012-04-30 15:59:12 +0000},
	Title = {Applying EM Algorithm for Segmentation of Textured Images}}

@techreport{Dellaert99mosaicinga,
	Author = {Frank Dellaert and Sebastian Thrun and Chuck Thorpe},
	Date-Added = {2012-04-30 15:56:31 +0000},
	Date-Modified = {2012-04-30 15:56:31 +0000},
	Title = {Mosaicing a Large Number of Widely Dispersed, Noisy, and Distorted Images: A Bayesian Approach},
	Year = {1999},
	Bdsk-File-1 = {YnBsaXN0MDDUAQIDBAUIJidUJHRvcFgkb2JqZWN0c1gkdmVyc2lvblkkYXJjaGl2ZXLRBgdUcm9vdIABqAkKFRYXGyIjVSRudWxs0wsMDQ4RFFpOUy5vYmplY3RzV05TLmtleXNWJGNsYXNzog8QgASABqISE4ACgAOAB1lhbGlhc0RhdGFccmVsYXRpdmVQYXRo0hgNGRpXTlMuZGF0YU8RAZwAAAAAAZwAAgAADE1hY2ludG9zaCBIRAAAAAAAAAAAAAAAAAAAAMrri9BIKwAAAAYunxIxMC4xLjEuNDEuNTg0MC5wZGYAAAAAAAAAAAAAAAAAAAAAAAAAAAAAAAAAAAAAAAAAAAAAAAAAAAAAAAAAAAAAKDppy8QFPwAAAAAAAAAAAAQAAgAACSAAAAAAAAAAAAAAAAAAAAAJRG93bmxvYWRzAAAQAAgAAMrr/FAAAAARAAgAAMvEZ68AAAABAAwABi6fAAUfuQAAwEMAAgA/TWFjaW50b3NoIEhEOlVzZXJzOgBkYW5pZWxiZWF0dHk6AERvd25sb2FkczoAMTAuMS4xLjQxLjU4NDAucGRmAAAOACYAEgAxADAALgAxAC4AMQAuADQAMQAuADUAOAA0ADAALgBwAGQAZgAPABoADABNAGEAYwBpAG4AdABvAHMAaAAgAEgARAASAC9Vc2Vycy9kYW5pZWxiZWF0dHkvRG93bmxvYWRzLzEwLjEuMS40MS41ODQwLnBkZgAAEwABLwAAFQACABP//wAAgAXSHB0eH1gkY2xhc3Nlc1okY2xhc3NuYW1lox8gIV1OU011dGFibGVEYXRhVk5TRGF0YVhOU09iamVjdF8QKC4uLy4uLy4uLy4uL0Rvd25sb2Fkcy8xMC4xLjEuNDEuNTg0MC5wZGbSHB0kJaIlIVxOU0RpY3Rpb25hcnkSAAGGoF8QD05TS2V5ZWRBcmNoaXZlcgAIABEAFgAfACgAMgA1ADoAPABFAEsAUgBdAGUAbABvAHEAcwB2AHgAegB8AIYAkwCYAKACQAJCAkcCUAJbAl8CbQJ0An0CqAKtArACvQLCAAAAAAAAAgEAAAAAAAAAKAAAAAAAAAAAAAAAAAAAAtQ=}}

@misc{Se02mobilerobot,
	Author = {Stephen Se and David Lowe and Jim Little},
	Date-Added = {2012-04-30 15:55:00 +0000},
	Date-Modified = {2012-04-30 15:55:00 +0000},
	Title = {Mobile Robot Localization and Mapping with Uncertainty using Scale-Invariant Visual Landmarks},
	Year = {2002}}

@misc{Joo_expectationmaximization,
	Author = {Seong-wook Joo},
	Date-Added = {2012-04-29 23:08:03 +0000},
	Date-Modified = {2012-04-29 23:08:03 +0000},
	Title = {Expectation Maximization for mixture models}}

@inproceedings{Stork:2001:TCT:648300.755343,
	Acmid = {755343},
	Address = {London, UK, UK},
	Author = {Stork, David G.},
	Booktitle = {Proceedings of the 14th Annual Conference on Computational Learning Theory and and 5th European Conference on Computational Learning Theory},
	Date-Added = {2012-04-29 23:06:40 +0000},
	Date-Modified = {2012-04-29 23:06:40 +0000},
	Isbn = {3-540-42343-5},
	Numpages = {14},
	Pages = {194--207},
	Publisher = {Springer-Verlag},
	Series = {COLT '01/EuroCOLT '01},
	Title = {Toward a Computational Theory of Data Acquisition and Truthing},
	Url = {http://dl.acm.org/citation.cfm?id=648300.755343},
	Year = {2001},
	Bdsk-Url-1 = {http://dl.acm.org/citation.cfm?id=648300.755343}}

@inproceedings{Moon96theexpectation-maximization,
	Author = {Todd K Moon},
	Booktitle = {IEEE Signal Processing Magazine},
	Date-Added = {2012-04-29 22:57:46 +0000},
	Date-Modified = {2012-04-29 22:57:46 +0000},
	Pages = {47--60},
	Title = {The Expectation-Maximization Algorithm},
	Year = {1996}}

@article{Dempster77maximumlikelihood,
	Author = {A. P. Dempster and N. M. Laird and D. B. Rubin},
	Date-Added = {2012-04-29 22:50:14 +0000},
	Date-Modified = {2012-04-29 22:50:14 +0000},
	Journal = {JOURNAL OF THE ROYAL STATISTICAL SOCIETY, SERIES B},
	Number = {1},
	Pages = {1--38},
	Title = {Maximum likelihood from incomplete data via the EM algorithm},
	Volume = {39},
	Year = {1977}}

@book{hennsessyPatterson,
	Author = {David A. Patterson (University of California Berkeley), John L. Hennessy (Stanford University)},
	Date-Added = {2007-12-28 00:09:53 -0600},
	Date-Modified = {2007-12-28 00:12:42 -0600},
	Editor = {2nd},
	Publisher = {Morgan Kaufmann},
	Title = {Computer Architecture A Quantitative Approach},
	Year = {1990, 1996}}

@proceedings{turing-computable-numbers,
	Author = {Alan Turing},
	Date-Added = {2008-01-02 13:46:25 -0600},
	Date-Modified = {2008-01-02 13:52:28 -0600},
	Number = {43},
	Publisher = {Proceedings of the London Mathematical Society},
	Title = {On computable numbers, with an application to the Entscheidungsproblem},
	Year = {1937}}

@article{church-logic-foundation-postulates,
	Author = {Alonzo Church},
	Date-Added = {2008-01-02 13:43:45 -0600},
	Date-Modified = {2008-01-02 13:44:39 -0600},
	Journal = {Annals of Mathematics},
	Title = {A set of Postulates for the Foundation of Logic},
	Volume = {33},
	Year = {1932}}

@article{kleene-lambda,
	Author = {Stephen Cole Kleene},
	Date-Added = {2008-01-02 13:41:47 -0600},
	Date-Modified = {2008-01-02 13:42:40 -0600},
	Journal = {American Journal of Mathematics},
	Title = {Lambda-Definability and Recursiveness},
	Volume = {57},
	Year = {1935}}

@article{church-unsolvable-problems,
	Author = {Alonzo Church},
	Date-Added = {2008-01-02 13:40:04 -0600},
	Date-Modified = {2008-01-02 13:41:12 -0600},
	Journal = {American Journal of Mathematics},
	Title = {An Unsolvable Problem of Elementary Number Theory},
	Volume = {58},
	Year = {1936}}

@article{flynn-m-j,
	Author = {Michael J. Flynn},
	Date-Added = {2007-12-27 23:41:35 -0600},
	Date-Modified = {2007-12-27 23:43:30 -0600},
	Journal = {IEEE Transactions on Computers},
	Number = {C-21},
	Pages = {948-960},
	Title = {Some computer organizations and their effectiveness},
	Year = {1972}}

@misc{apple-accelerate-framework,
	Author = {{Apple Inc}},
	Date-Added = {2007-12-24 17:15:56 -0600},
	Date-Modified = {2007-12-28 00:16:48 -0600},
	Month = {October},
	Organization = {Apple Inc.},
	Title = {Taking Advantage of the Accelerate Framework},
	Url = {http://developer.apple.com/performance/accelerateframework.html},
	Year = {2006},
	Bdsk-Url-1 = {http://developer.apple.com/performance/accelerateframework.html}}

@book{glslRost,
	Author = {Randi J. Rost},
	Date-Added = {2007-12-24 15:45:06 -0600},
	Date-Modified = {2007-12-24 15:45:06 -0600},
	Edition = {2nd},
	Month = {January},
	Publisher = {Addison Wesley Professional},
	Title = {OpenGL Shading Language, Second Edition},
	Year = {January 25, 2006}}

@manual{ciklReference,
	Author = {{Apple Inc}},
	Date-Added = {2007-12-24 15:43:14 -0600},
	Date-Modified = {2007-12-28 00:15:30 -0600},
	Month = {June},
	Organization = {Apple Inc.},
	Title = {Core Image Kernel Language Reference},
	Url = {http://developer.apple.com/documentation/GraphicsImaging/Reference/CIKernelLangRef/CIKernelLangRef.pdf},
	Year = {2006},
	Bdsk-Url-1 = {http://developer.apple.com/documentation/GraphicsImaging/Reference/CIKernelLangRef/CIKernelLangRef.pdf}}

@incollection{RuSt05PPDE,
	Author = {Martin Rumpf and Robert Strzodka},
	Booktitle = {Numerical Solution of Partial Differential Equations on Parallel Computers},
	Date-Added = {2007-12-21 13:32:17 -0600},
	Date-Modified = {2007-12-21 13:32:17 -0600},
	Editor = {Bruaset, Are Magnus and Tveito, Aslak},
	Key = {ISBN: 3-540-29076-1},
	Pages = {89--134},
	Publisher = {Springer-Verlag},
	Series = {Lecture Notes in Computational Science and Engineering},
	Title = {Graphics Processor Units: New Prospects for Parallel Computing},
	Volume = {51},
	Year = {2005}}

@electronic{wolfram-mathworld-least-squares,
	Author = {Eric W. Weisstein},
	Date-Added = {2007-08-28 13:21:31 -0500},
	Date-Modified = {2007-08-28 13:23:32 -0500},
	Publisher = {Mathworld},
	Title = {Nonlinear Least Squares Fitting},
	Url = {http://mathworld.wolfram.com/NonlinearLeastSquaresFitting.html},
	Year = {1999-2007},
	Bdsk-Url-1 = {http://mathworld.wolfram.com/NonlinearLeastSquaresFitting.html}}

@book{schaums-linear-algebra,
	Author = {Seymour Lipschutz},
	Date-Added = {2007-08-28 11:46:21 -0500},
	Date-Modified = {2007-08-28 11:48:29 -0500},
	Edition = {2nd},
	Publisher = {McGraw Hill Companies, Inc, New York},
	Title = {Schaum's Outlines: Linear Algebra},
	Year = {1991,1968}}

@book{moon-stirling-book,
	Author = {Todd K. Moon, Wynn C. Stirling},
	Date-Added = {2007-08-28 09:31:14 -0500},
	Date-Modified = {2007-08-28 09:33:11 -0500},
	Publisher = {Prentice Hall Inc., Upper Saddle River, NJ 07458},
	Title = {Mathematical Methods and Algorithms for Signal Processing},
	Year = {2000}}

@manual{apple-core-image,
	Author = {{Apple Inc}},
	Date-Added = {2007-08-27 15:37:52 -0500},
	Date-Modified = {2007-12-28 00:15:37 -0600},
	Lastchecked = {8-27-2007},
	Month = {5},
	Organization = {Apple Inc.},
	Title = {Core Image Programming Guide},
	Url = {http://developer.apple.com/documentation/GraphicsImaging/Conceptual/CoreImaging/index.html?http://developer.apple.com/documentation/GraphicsImaging/Conceptual/CoreImaging/ci_concepts/chapter_2_section_2.html},
	Year = {2007},
	Bdsk-Url-1 = {http://developer.apple.com/documentation/GraphicsImaging/Conceptual/CoreImaging/index.html?http://developer.apple.com/documentation/GraphicsImaging/Conceptual/CoreImaging/ci_concepts/chapter_2_section_2.html}}

@misc{hewettProcessing,
	Address = {Abiline, TX},
	Author = {Rattikorn Hewett},
	Date-Added = {2007-08-27 15:33:12 -0500},
	Date-Modified = {2007-08-27 15:33:12 -0500},
	Howpublished = {Class Slides},
	Month = {July},
	Organization = {Texas Tech University},
	Title = {Data Processing},
	Url = {http://www.cs.ttu.edu/~hewett/teach/datamining/ch3-Clean.pdf},
	Year = {2006},
	Bdsk-Url-1 = {http://www.cs.ttu.edu/~hewett/teach/datamining/ch3-Clean.pdf}}

@misc{hewettWarehousing,
	Address = {Abiline, TX},
	Author = {Rattikorn Hewett},
	Date-Added = {2007-08-27 15:33:12 -0500},
	Date-Modified = {2007-08-27 15:33:12 -0500},
	Howpublished = {Class Slides},
	Month = {July},
	Organization = {Texas Tech University},
	Title = {Data Warehouse and OLAP Technology},
	Url = {http://www.cs.ttu.edu/~hewett/teach/datamining/ch2-datawarehouse.pdf},
	Year = {2006},
	Bdsk-Url-1 = {http://www.cs.ttu.edu/~hewett/teach/datamining/ch2-datawarehouse.pdf}}

@book{silberschatz,
	Author = {Abraham Silberschatz},
	Date-Added = {2007-08-27 15:33:12 -0500},
	Date-Modified = {2007-08-27 15:33:12 -0500},
	Publisher = {McGraw-Hill Higher Education},
	Title = {Database System Concepts},
	Year = {2002}}

@book{papadimitriou,
	Author = {Christos H. Papadimitriou, Harry R. Lewis},
	Date-Added = {2007-08-27 15:33:12 -0500},
	Date-Modified = {2007-08-27 15:33:12 -0500},
	Publisher = {Prentice Hall Inc., Upper Saddle River, NJ 07458},
	Title = {Elements of the Theory of Computation},
	Year = {1998}}

@electronic{fpAtlas-sdss-dr4,
	Author = {Chris Stoughton},
	Date-Added = {2007-08-27 15:33:12 -0500},
	Date-Modified = {2007-08-27 15:33:12 -0500},
	Title = {FP Atlas - SDSS},
	Url = {http://www.sdss.org/dr4/dm/flatFiles/fpAtlas.html},
	Bdsk-Url-1 = {http://www.sdss.org/dr4/dm/flatFiles/fpAtlas.html}}

@misc{appleNSGLImage,
	Author = {{Apple Inc}},
	Date-Added = {2007-08-27 15:33:12 -0500},
	Date-Modified = {2007-12-28 00:16:29 -0600},
	Howpublished = {Code Source by Apple Computer, Inc},
	Month = {November},
	Organization = {Apple Computer, Inc},
	Read = {Yes},
	Title = {GLImage},
	Url = {http://developer.apple.com/samplecode/NSGLImage/index.html},
	Year = {2004},
	Bdsk-Url-1 = {http://developer.apple.com/samplecode/NSGLImage/index.html}}

@book{wileyJPEG2000,
	Author = {Tinku Acharya, Ping-Sing Tsai},
	Date-Added = {2007-08-27 15:33:12 -0500},
	Date-Modified = {2007-08-27 15:33:12 -0500},
	Publisher = {John Wiley and Sons},
	Title = {JPEG2000 Standard for Image Compression: Concepts, algorithms, and VLSI},
	Year = {2005}}

@book{nerode,
	Address = {175 Fifth Avenue, New York, NY 10010 (USA)},
	Author = {Anil Nerode, Richard Shore},
	Date-Added = {2007-08-27 15:33:12 -0500},
	Date-Modified = {2007-08-27 15:33:12 -0500},
	Edition = {2nd},
	Editor = {David Gries, Fred B. Schneider},
	Number = {1},
	Publisher = {Springer},
	Title = {Logic for Applications},
	Volume = {1},
	Year = {1997}}

@webpage{mvc-wikipedia,
	Author = {Anonymous},
	Date-Added = {2007-08-27 15:33:12 -0500},
	Date-Modified = {2007-08-27 15:33:12 -0500},
	Title = {Model View Controller - Wikipedia, the free encyclopidia},
	Urldate = {http://en.wikipedia.org/wiki/Model-view-controller}}

@electronic{heasarcfv,
	Date-Added = {2007-08-27 15:33:12 -0500},
	Date-Modified = {2007-08-27 15:33:12 -0500},
	Keywords = {NASA's High Energy Astrophysics Archive Research Center},
	Lastchecked = {June 5, 2006},
	Month = {May},
	Title = {NASA's High Energy Astrophysics Archive Research Center (HEARSAC) Software},
	Url = {http://heasarc.gsfc.nasa.gov/docs/software.html},
	Year = {2006},
	Bdsk-Url-1 = {http://heasarc.gsfc.nasa.gov/docs/software.html}}

@book{angelPrimer,
	Author = {Edward Angel},
	Date-Added = {2007-08-27 15:33:12 -0500},
	Date-Modified = {2007-08-27 15:33:12 -0500},
	Edition = {2nd},
	Publisher = {Pearson Education, Inc},
	Title = {OpenGL A Primer},
	Year = {2005}}

@book{gamespangea,
	Author = {Brian Greenstone},
	Date-Added = {2007-08-27 15:33:12 -0500},
	Date-Modified = {2007-08-27 15:33:12 -0500},
	Publisher = {Pangea Software, Inc.},
	Title = {Pangea Software's Ultimate Game Programming Guide for Mac OS X},
	Year = {2004}}

@book{ullmanDatabase,
	Author = {Jeffrey D. Ullman},
	Date-Added = {2007-08-27 15:33:12 -0500},
	Date-Modified = {2007-08-27 15:33:12 -0500},
	Publisher = {Computer Science Press},
	Title = {Principles of Database and Knowledge Base Systems},
	Volume = {I: Classical Database Systems},
	Year = {1988}}

@book{gelphman-laden-quartz,
	Author = {David Gelphman, Bunny Laden},
	Date-Added = {2007-08-27 15:33:12 -0500},
	Date-Modified = {2007-12-28 00:16:07 -0600},
	Publisher = {Morgan Kaufmann (Elsevier)},
	Title = {Programming with Quartz: 2D and PDF Graphics in Mac OS X},
	Year = {2006}}

@book{thompson-quartz,
	Author = {R. Scoot Thompson},
	Date-Added = {2007-08-27 15:33:12 -0500},
	Date-Modified = {2007-08-27 15:33:12 -0500},
	Publisher = {Pearson Education, Inc},
	Title = {Quartz 2D Graphics for Mac OS X Developers},
	Year = {2006}}

@inproceedings{LawWangZaniolo,
	Author = {Yan-Nei Law, Haixun Wang, Carlo Zaniolo},
	Booktitle = {Proceedings of the 30th VLDB Conference},
	Date-Added = {2007-08-27 15:33:12 -0500},
	Date-Modified = {2007-08-27 15:33:12 -0500},
	Editor = {Mario A. Nascimento, et.al},
	Month = {September},
	Organization = {Very Large Data Bases},
	Title = {Query Languages and Data Models for Database Sequences and Data Streams},
	Url = {http://www.cs.ucla.edu/~zaniolo/papers/vldb04cr.pdf},
	Year = {2004},
	Bdsk-Url-1 = {http://www.cs.ucla.edu/~zaniolo/papers/vldb04cr.pdf}}

@manual{qtcomponents,
	Author = {{Apple Inc}},
	Date-Added = {2007-08-27 15:33:12 -0500},
	Date-Modified = {2007-12-28 00:16:40 -0600},
	Organization = {Apple Computer, Inc.},
	Publisher = {Apple Computer, Inc.},
	Title = {QuickTime Component Creation Guide},
	Url = {http://developer.apple.com/documentation/QuickTime/RM/WritingQTComponents/MHCreating/MHCreating.pdf},
	Year = {2006},
	Bdsk-Url-1 = {http://developer.apple.com/documentation/QuickTime/RM/WritingQTComponents/MHCreating/MHCreating.pdf}}

@webpage{dr1-sdss,
	Author = {Chris Stoughton},
	Date-Added = {2007-08-27 15:33:12 -0500},
	Date-Modified = {2007-08-27 15:33:12 -0500},
	Month = {August},
	Title = {Sloan Digital Sky Survey - Data Release 1},
	Url = {http://www.sdss.org/DR1/},
	Year = {2006},
	Bdsk-Url-1 = {http://www.sdss.org/DR1/}}

@electronic{asTrans-sdss-dr4,
	Author = {Chris Stoughton},
	Date-Added = {2007-08-27 15:33:12 -0500},
	Date-Modified = {2007-08-27 15:33:12 -0500},
	Title = {Survey Interface File for Astrometric Calibration},
	Url = {http://www.sdss.org/dr4/dm/flatFiles/asTrans.html},
	Bdsk-Url-1 = {http://www.sdss.org/dr4/dm/flatFiles/asTrans.html}}

@electronic{fcPCalib-sdss-dr4,
	Author = {Chris Stoughton},
	Date-Added = {2007-08-27 15:33:12 -0500},
	Date-Modified = {2007-08-27 15:33:12 -0500},
	Title = {Survey Interface File for Final Photometric Calibration},
	Url = {http://www.sdss.org/dr4/dm/flatFiles/fcPCalib.html},
	Bdsk-Url-1 = {http://www.sdss.org/dr4/dm/flatFiles/fcPCalib.html}}

@misc{Newman+Hettich+Blake+Merz:1998,
	Author = {D.J. Newman, S. Hettich, C.L. Blake and C.J. Merz},
	Date-Added = {2007-08-27 15:33:12 -0500},
	Date-Modified = {2007-08-27 15:33:12 -0500},
	Institution = {University of California, Irvine, Dept. of Information and Computer Sciences},
	Title = {{UCI} Repository of machine learning databases},
	Url = {http://www.ics.uci.edu/$\sim$mlearn/MLRepository.html},
	Year = {1998},
	Bdsk-Url-1 = {http://www.ics.uci.edu/$%5Csim$mlearn/MLRepository.html}}

@book{mendis,
	Author = {Ravi Mendis},
	Date-Added = {2007-08-27 15:33:12 -0500},
	Date-Modified = {2007-08-27 15:33:12 -0500},
	Month = {June},
	Publisher = {Sams},
	Title = {WebObjects Developer's Guide},
	Year = {2002}}

@electronic{Daryl-Lee,
	Author = {Daryl Lee},
	Date-Added = {2007-08-27 15:33:12 -0500},
	Date-Modified = {2007-08-27 15:33:12 -0500},
	Title = {Xcode 2.4 Deprecation Announcements},
	Url = {http://lists.apple.com/archives/webobjects-dev/2006/Aug/msg01144.html},
	Bdsk-Url-1 = {http://lists.apple.com/archives/webobjects-dev/2006/Aug/msg01144.html}}

@webpage{apple-direct-to-web-service,
	Author = {Apple},
	Date-Added = {2007-08-27 15:33:12 -0500},
	Date-Modified = {2007-08-27 15:33:12 -0500},
	Url = {http://developer.apple.com/documentation/WebObjects/Web\_Services/index.html},
	Bdsk-Url-1 = {http://developer.apple.com/documentation/WebObjects/Web%5C_Services/index.html}}

@webpage{wfs-astrometric-calibration,
	Author = {Chris Stoughton},
	Date-Added = {2007-08-27 15:33:12 -0500},
	Date-Modified = {2007-08-27 15:33:12 -0500},
	Url = {http://www.ast.cam.ac.uk/~wfcsur/technical/astrometry/},
	Bdsk-Url-1 = {http://www.ast.cam.ac.uk/~wfcsur/technical/astrometry/}}

@webpage{wfs-images-catalog-cookbook,
	Author = {Chris Stoughton},
	Date-Added = {2007-08-27 15:33:12 -0500},
	Date-Modified = {2007-08-27 15:33:12 -0500},
	Url = {http://www.ast.cam.ac.uk/~wfcsur/release/cookbook/index.php},
	Bdsk-Url-1 = {http://www.ast.cam.ac.uk/~wfcsur/release/cookbook/index.php}}

@electronic{apple-web-objects,
	Author = {{Apple Inc}},
	Date-Added = {2007-08-27 15:29:14 -0500},
	Date-Modified = {2007-12-28 00:15:21 -0600},
	Title = {Apple's Web Objects},
	Url = {http://developer.apple.com/documentation/WebObjects/},
	Bdsk-Url-1 = {http://developer.apple.com/documentation/WebObjects/}}

@webpage{asmSum06,
	Date-Added = {2007-08-27 15:29:14 -0500},
	Date-Modified = {2007-08-27 15:29:14 -0500},
	Keywords = {Rattikorn Hewett},
	Lastchecked = {July 22, 2006},
	Title = {Assignments CS 5331: Data Mining and Knowledge Discovery in Data Mining},
	Url = {http://www.cs.ttu.edu/~hewett/teach/datamining/assignments-summer06.pdf},
	Bdsk-Url-1 = {http://www.cs.ttu.edu/~hewett/teach/datamining/assignments-summer06.pdf}}

@webpage{hewettAssociation,
	Address = {Abiline, TX},
	Author = {Rattikorn Hewett},
	Date-Added = {2007-08-27 15:29:14 -0500},
	Date-Modified = {2007-08-27 15:29:14 -0500},
	Howpublished = {Class Slides},
	Month = {July},
	Organization = {Texas Tech University},
	Title = {Associations Part 1},
	Url = {http://www.cs.ttu.edu/~hewett/teach/datamining/ch6Assoc-1.pdf},
	Year = {2006},
	Bdsk-Url-1 = {http://www.cs.ttu.edu/~hewett/teach/datamining/ch6Assoc-1.pdf}}

@webpage{hewettPrediction,
	Address = {Abiline, TX},
	Author = {Rattikorn Hewett},
	Date-Added = {2007-08-27 15:29:14 -0500},
	Date-Modified = {2007-08-27 15:29:14 -0500},
	Howpublished = {Class Slides},
	Month = {July},
	Organization = {Texas Tech University},
	Title = {Classification and Prediction},
	Url = {http://www.cs.ttu.edu/~hewett/teach/datamining/ch7classification05.pdf},
	Year = {2006},
	Bdsk-Url-1 = {http://www.cs.ttu.edu/~hewett/teach/datamining/ch7classification05.pdf}}

@misc{hewettClustering,
	Address = {Abiline, TX},
	Author = {Rattikorn Hewett},
	Date-Added = {2007-08-27 15:29:14 -0500},
	Date-Modified = {2007-08-27 15:29:14 -0500},
	Howpublished = {Class Slides},
	Month = {July},
	Organization = {Texas Tech University},
	Title = {Cluster Analysis},
	Url = {http://www.cs.ttu.edu/~hewett/teach/datamining/ch8-cluster.pdf},
	Year = {2006},
	Bdsk-Url-1 = {http://www.cs.ttu.edu/~hewett/teach/datamining/ch8-cluster.pdf}}

@book{hillagaus,
	Address = {75 Arlington Street, Suite 300; Boston, MA 02116},
	Author = {Aaron Hillegaus},
	Date-Added = {2007-08-27 15:29:14 -0500},
	Date-Modified = {2007-08-27 15:29:14 -0500},
	Edition = {2nd},
	Publisher = {Pearson Education, Inc},
	Title = {Cocoa: Programming for Mac OS X},
	Year = {2004}}

@electronic{raddick-cmd,
	Author = {Jordan Raddick},
	Date-Added = {2007-08-27 15:29:14 -0500},
	Date-Modified = {2007-08-27 15:29:14 -0500},
	Title = {Cooking with Sloan: Color-Magnitude Diagram for Galaxies},
	Url = {http://cas.sdss.org/dr5/en/help/download/cooking/cmd.ppt},
	Urldate = {August 3, 2006},
	Bdsk-Url-1 = {http://cas.sdss.org/dr5/en/help/download/cooking/cmd.ppt}}

@book{hanKamberDataMining,
	Address = {500 Sansome Street, Suite 400, San Francisco, CA 94111},
	Author = {Jiawei Han, Micheline Kamber},
	Date-Added = {2007-08-27 15:29:14 -0500},
	Date-Modified = {2007-08-27 15:29:14 -0500},
	Edition = {2nd},
	Publisher = {Morgan Kaufmann (Elsevier)},
	Title = {Data Mining: Concepts and Techniques},
	Year = {2006}}

@book{wittmanFrank,
	Address = {500 Sansome Street, Suite 400, San Francisco, CA 94111},
	Author = {Ian H. Wittman, Eibe Frank},
	Date-Added = {2007-08-27 15:29:14 -0500},
	Date-Modified = {2007-08-27 15:29:14 -0500},
	Edition = {2nd},
	Publisher = {Morgan Kaufmann (Elsevier)},
	Title = {Data Mining: Practical Machine Learning Tools and Techniques},
	Year = {2005}}

@book{appo-ica-book,
	Author = {Aapo Hyvarinen, Juha Karhunen, Erkki Oja},
	Date-Added = {2007-08-27 11:29:26 -0500},
	Date-Modified = {2007-08-27 11:31:32 -0500},
	Editor = {Simon Haykin},
	Publisher = {John Wiley & Sons, Inc},
	Title = {Independent Component Analysis},
	Year = {2001}}

@book{stone-ica-tutorial,
	Author = {James V. Stone},
	Date-Added = {2007-08-27 11:22:41 -0500},
	Date-Modified = {2007-08-27 11:24:46 -0500},
	Publisher = {Massachusetts Institute of Technology},
	Title = {Independent Component Analysis: A Tutorial Introduction},
	Year = {2004}}

@misc{kayser-tenke-pca-laplacian,
	Author = {J$\ddot{u}$rgen Kayser, Craig E. Tenke},
	Date-Added = {2007-05-11 11:20:35 -0500},
	Date-Modified = {2007-05-11 11:25:03 -0500},
	Howpublished = {web and Elsevier Ireland},
	Month = {December},
	Title = {Principal Component Analysis of Laplacian Waveforms as a generic method for identifying ERP generator patterns: II Adequacy of low-density estimates},
	Url = {http://psychophysiology.cpmc.columbia.edu/pdf/kayser2005c.pdf},
	Year = {2005},
	Bdsk-Url-1 = {http://psychophysiology.cpmc.columbia.edu/pdf/kayser2005c.pdf}}

@webpage{lizBrandeis,
	Date-Added = {2007-05-11 11:16:48 -0500},
	Date-Modified = {2007-05-11 11:28:26 -0500},
	Keywords = {Elizabeth Gifford},
	Url = {http://lizreviews.blogspot.com/2006/10/principal-componants-analysis-on-phase.html},
	Bdsk-Url-1 = {http://lizreviews.blogspot.com/2006/10/principal-componants-analysis-on-phase.html}}

@webpage{jonShlens,
	Date-Added = {2007-05-11 11:15:20 -0500},
	Date-Modified = {2007-05-11 11:15:56 -0500},
	Url = {http://www.snl.salk.edu/%7Eshlens/notes.html},
	Bdsk-Url-1 = {http://www.snl.salk.edu/%7Eshlens/notes.html}}

@article{hyvarinen99sparse,
	Author = {Aapo Hyvarinen},
	Date-Added = {2007-05-10 15:22:47 -0500},
	Date-Modified = {2007-05-10 15:22:47 -0500},
	Journal = {Neural Computation},
	Number = {7},
	Pages = {1739-1768},
	Title = {Sparse Code Shrinkage: Denoising of Nongaussian Data by Maximum Likelihood Estimation},
	Url = {citeseer.ist.psu.edu/article/hyv98sparse.html},
	Volume = {11},
	Year = {1999},
	Bdsk-Url-1 = {citeseer.ist.psu.edu/article/hyv98sparse.html}}

@manual{joachims-svmlite,
	Author = {T. Joachims},
	Date-Added = {2007-05-08 12:07:52 -0500},
	Date-Modified = {2007-05-08 12:13:26 -0500},
	Organization = {MIT-Press},
	Title = {Making large-Scale SVM Learning Practical. Advances in Kernel Methods - Support Vector Learning},
	Url = {http://svmlight.joachims.org/},
	Year = {1999},
	Bdsk-Url-1 = {http://svmlight.joachims.org/}}

@misc{yamazaki98introduction,
	Author = {T. Yamazaki},
	Text = {T. Yamazaki. Introduction of EM algorithm into color image segmentation. Proc. ICIPS'98, pp. 368-371, Aug. 1998},
	Title = {Introduction of EM algorithm into color image segmentation},
	Url = {citeseer.ist.psu.edu/yamazaki98introduction.html},
	Year = {1998},
	Bdsk-Url-1 = {citeseer.ist.psu.edu/yamazaki98introduction.html}}

@misc{rinen-family,
	Author = {Aapo Hyvarinen},
	Title = {A Family Of Fixed-Point Algorithms For Independent Component Analysis},
	Url = {citeseer.ist.psu.edu/hyvrinen97family.html},
	Bdsk-Url-1 = {citeseer.ist.psu.edu/hyvrinen97family.html}}

@misc{hyv99fast,
	Author = {A. Hyv},
	Text = {A. Hyvarinen, Fast and Robust Fixed-Point Algorithms for Independent Component Analysis, IEEE Transactions on Neural Networks, vol. 10, no. 3, pp. 626-634, 1999.},
	Title = {Fast and Robust Fixed-Point Algorithms for Independent Component Analysis},
	Url = {citeseer.ist.psu.edu/article/hyv99fast.html},
	Year = {1999},
	Bdsk-Url-1 = {citeseer.ist.psu.edu/article/hyv99fast.html}}

@misc{rinen-image,
	Author = {Aapo Hyvarinen and Patrik Hoyer and Erkki Oja},
	Title = {Image Denoising by Sparse Code Shrinkage},
	Url = {citeseer.ist.psu.edu/282055.html},
	Bdsk-Url-1 = {citeseer.ist.psu.edu/282055.html}}

@electronic{sam-rowei-tutorials-probability-statisics,
	Author = {Sam Roweis},
	Date-Added = {2007-02-19 17:00:25 -0600},
	Date-Modified = {2007-02-19 17:44:57 -0600},
	Title = {Review: Probability and Statistics},
	Url = {http://canberra05.mlss.cc/slides/Roweis.pdf},
	Urldate = {Febuary 19, 2007},
	Bdsk-Url-1 = {http://canberra05.mlss.cc/slides/Roweis.pdf}}

@book{schaums-statistics,
	Author = {Murray R. Spiegel, Larry J. Stephens},
	Date-Added = {2007-02-14 12:58:32 -0600},
	Date-Modified = {2007-02-14 13:02:08 -0600},
	Publisher = {McGraw Hill Companies, Inc, New York},
	Title = {Schaum's Outlines: Statistics},
	Year = {1999, 1988, 1961}}

@book{duda-hart-stork,
	Author = {Richard O. Duda and Peter E. Hart and David E. Stork},
	Date-Added = {2007-01-11 12:54:42 -0600},
	Date-Modified = {2007-01-11 12:56:15 -0600},
	Edition = {2nd},
	Publisher = {Wiley and Sons},
	Title = {Pattern Classification},
	Year = {2000}}

@book{lee-lin,
	Author = {C.T. Lin and C.S. George Lee},
	Date-Added = {2007-01-11 12:53:11 -0600},
	Date-Modified = {2007-01-11 12:54:37 -0600},
	Publisher = {Prentice Hall},
	Title = {Neural Fuzzy Systems: A Neuro-Fuzzy Synergism to Intelligent Systems},
	Year = {1996}}

@book{pao-y-h,
	Author = {Y-H Pao},
	Date-Added = {2007-01-11 12:51:55 -0600},
	Date-Modified = {2007-01-11 12:53:05 -0600},
	Publisher = {Addison Wesley},
	Title = {Adaptive Pattern Recognition and Nerual Network},
	Year = {1989}}

@book{fukunagua-k,
	Author = {K. Fukunagua},
	Date-Added = {2007-01-11 12:50:33 -0600},
	Date-Modified = {2007-01-11 12:51:52 -0600},
	Publisher = {Academic Press},
	Title = {Introduction to Statistical Pattern Recognition},
	Year = {1990}}

@book{schalkoff-robert,
	Author = {Robert Schalkoff},
	Date-Added = {2007-01-11 12:48:35 -0600},
	Date-Modified = {2007-01-11 12:50:28 -0600},
	Publisher = {John Wiley & Sons, Inc},
	Title = {Pattern Recognition: Statistical Pattern Recognition},
	Year = {1992}}
