%% This BibTeX bibliography file was created using BibDesk.
%% http://bibdesk.sourceforge.net/


%% Created for Daniel Beatty at 2007-01-11 12:56:22 -0600 


%% Saved with string encoding Western (ASCII) 



@book{duda-hart-stork,
	Author = {Richard O. Duda and Peter E. Hart and David E. Stork},
	Date-Added = {2007-01-11 12:54:42 -0600},
	Date-Modified = {2007-01-11 12:56:15 -0600},
	Edition = {2nd},
	Publisher = {Wiley and Sons},
	Title = {Pattern Classification},
	Year = {2000}}

@book{lee-lin,
	Author = {C.T. Lin and C.S. George Lee},
	Date-Added = {2007-01-11 12:53:11 -0600},
	Date-Modified = {2007-01-11 12:54:37 -0600},
	Publisher = {Prentice Hall},
	Title = {Neural Fuzzy Systems: A Neuro-Fuzzy Synergism to Intelligent Systems},
	Year = {1996}}

@book{pao-y-h,
	Author = {Y-H Pao},
	Date-Added = {2007-01-11 12:51:55 -0600},
	Date-Modified = {2007-01-11 12:53:05 -0600},
	Publisher = {Addison Wesley},
	Title = {Adaptive Pattern Recognition and Nerual Network},
	Year = {1989}}

@book{fukunagua-k,
	Author = {K. Fukunagua},
	Date-Added = {2007-01-11 12:50:33 -0600},
	Date-Modified = {2007-01-11 12:51:52 -0600},
	Publisher = {Academic Press},
	Title = {Introduction to Statistical Pattern Recognition},
	Year = {1990}}

@book{schalkoff-robert,
	Author = {Robert Schalkoff},
	Date-Added = {2007-01-11 12:48:35 -0600},
	Date-Modified = {2007-01-11 12:50:28 -0600},
	Publisher = {John Wiley & Sons, Inc},
	Title = {Pattern Recognition: Statistical Pattern Recognition},
	Year = {1992}}
